<?xml version="1.0" encoding="UTF-8"?>
<record xmlns="http://www.loc.gov/MARC21/slim" xmlns:xsi="http://www.w3.org/2001/XMLSchema-instance" xsi:schemaLocation="http://www.loc.gov/MARC21/slim http://www.loc.gov/standards/marcxml/schema/MARC21slim.xsd">
<leader>00000cam a22      i 4500</leader>
<controlfield tag="001">001676462</controlfield>
<controlfield tag="003">NNU</controlfield>
<controlfield tag="005">20160113173318.0</controlfield>
<controlfield tag="008">880125r19651866ir       d    000 0 ara d</controlfield>
<datafield tag="035" ind1=" " ind2=" ">
<subfield code="a">(OCoLC)17389003</subfield>
</datafield>
<datafield tag="040" ind1=" " ind2=" ">
<subfield code="a">WAU</subfield>
<subfield code="b">eng</subfield>
<subfield code="c">WAU</subfield>
<subfield code="d">OCLCQ</subfield>
<subfield code="d">OSU</subfield>
<subfield code="d">OCLCG</subfield>
<subfield code="d">CUY</subfield>
<subfield code="d">ZAP</subfield>
<subfield code="d">OCLCQ</subfield>
<subfield code="d">OCLCF</subfield>
<subfield code="d">OCLCQ</subfield>
<subfield code="d">OCLCO</subfield>
</datafield>
<datafield tag="041" ind1="1" ind2=" ">
<subfield code="a">per</subfield>
<subfield code="h">ger</subfield>
</datafield>
<datafield tag="050" ind1=" " ind2="4">
<subfield code="a">G93</subfield>
<subfield code="b">.Y34 1965</subfield>
</datafield>
<datafield tag="100" ind1="0" ind2=" ">
<subfield code="6">880-01</subfield>
<subfield code="a">Yāqūt ibn ʻAbd Allāh al-Ḥamawī,</subfield>
<subfield code="d">1179?-1229.</subfield>
</datafield>
<datafield tag="240" ind1="1" ind2="0">
<subfield code="6">880-02</subfield>
<subfield code="a">Muʻjam al-buldān</subfield>
</datafield>
<datafield tag="245" ind1="1" ind2="0">
<subfield code="6">880-03</subfield>
<subfield code="a">Kitāb muʻjam al-buldān /</subfield>
<subfield code="c">taʼlīf Shihāb al-Dīn Abī ʻAbd Allāh Yāqūt Ibn ʻAbd Allāh al-Ḥamawī al-Rūmī al-Baghdādī.</subfield>
</datafield>
<datafield tag="246" ind1="1" ind2="5">
<subfield code="a">Jacut's Geographisches Wörterbuch, aus den Handschriften zu Berlin, St. Petersburg und Paris auf Kosten der Deutschen Morgenländischen Gesellschaft hrsg. von Ferdinand Wüstenfeld</subfield>
</datafield>
<datafield tag="260" ind1=" " ind2=" ">
<subfield code="6">880-04</subfield>
<subfield code="a">Ṭihrān :</subfield>
<subfield code="b">Maktabat al-Asadī,</subfield>
<subfield code="c">1965.</subfield>
</datafield>
<datafield tag="300" ind1=" " ind2=" ">
<subfield code="a">6 volumes ;</subfield>
<subfield code="c">25 cm.</subfield>
</datafield>
<datafield tag="336" ind1=" " ind2=" ">
<subfield code="a">text</subfield>
<subfield code="b">txt</subfield>
<subfield code="2">rdacontent</subfield>
</datafield>
<datafield tag="337" ind1=" " ind2=" ">
<subfield code="a">unmediated</subfield>
<subfield code="b">n</subfield>
<subfield code="2">rdamedia</subfield>
</datafield>
<datafield tag="338" ind1=" " ind2=" ">
<subfield code="a">volume</subfield>
<subfield code="b">nc</subfield>
<subfield code="2">rdacarrier</subfield>
</datafield>
<datafield tag="490" ind1="1" ind2=" ">
<subfield code="6">880-05</subfield>
<subfield code="a">Manshūrāt maktabat al-Asadī ;</subfield>
<subfield code="v">raqm 7</subfield>
</datafield>
<datafield tag="500" ind1=" " ind2=" ">
<subfield code="a">Photo-offset reproduction of the edition published in Leipzig, 1866-73.</subfield>
</datafield>
<datafield tag="505" ind1="0" ind2=" ">
<subfield code="6">880-06</subfield>
<subfield code="a">Mujallad 1. Alif-thāʼ -- mujallad 2. Jīm-zāʼ -- mujallad 3. Sīn-fāʼ -- mujallad 4. Qāf-yāʼ -- mujallad 5. al-Taʻlīqāt wa-riwāyāt al-naskh -- mujallad 6. al-Fihris.</subfield>
</datafield>
<datafield tag="650" ind1=" " ind2="0">
<subfield code="a">Geography</subfield>
<subfield code="v">Dictionaries</subfield>
<subfield code="x">Arabic.</subfield>
</datafield>
<datafield tag="650" ind1=" " ind2="0">
<subfield code="a">Geography, Medieval.</subfield>
</datafield>
<datafield tag="650" ind1=" " ind2="7">
<subfield code="a">Geography.</subfield>
<subfield code="2">fast</subfield>
<subfield code="0">(OCoLC)fst00940469</subfield>
</datafield>
<datafield tag="650" ind1=" " ind2="7">
<subfield code="a">Geography, Medieval.</subfield>
<subfield code="2">fast</subfield>
<subfield code="0">(OCoLC)fst00940573</subfield>
</datafield>
<datafield tag="655" ind1=" " ind2="7">
<subfield code="a">Dictionaries.</subfield>
<subfield code="2">fast</subfield>
<subfield code="0">(OCoLC)fst01423826</subfield>
</datafield>
<datafield tag="776" ind1="0" ind2="8">
<subfield code="i">Online version:</subfield>
<subfield code="a">Yāqūt ibn ʻAbd Allāh al-Ḥamawī, 1179?-1229.</subfield>
<subfield code="s">Muʻjam al-buldān.</subfield>
<subfield code="t">Kitāb muʻjam al-buldān.</subfield>
<subfield code="d">Ṭihrān : Maktabat al-Asadī, 1965</subfield>
<subfield code="w">(OCoLC)551475829</subfield>
</datafield>
<datafield tag="776" ind1="0" ind2="8">
<subfield code="i">Online version:</subfield>
<subfield code="a">Yāqūt ibn ʻAbd Allāh al-Ḥamawī, 1179?-1229.</subfield>
<subfield code="s">Muʻjam al-buldān.</subfield>
<subfield code="t">Kitāb muʻjam al-buldān.</subfield>
<subfield code="d">Ṭihrān : Maktabat al-Asadī, 1965</subfield>
<subfield code="w">(OCoLC)607769947</subfield>
</datafield>
<datafield tag="880" ind1="0" ind2=" ">
<subfield code="6">100-01/</subfield>
<subfield code="a">ياقوت بن عبد الله الحموي،</subfield>
<subfield code="d">1179?-1229.</subfield>
</datafield>
<datafield tag="880" ind1="1" ind2="0">
<subfield code="6">240-02/</subfield>
<subfield code="a">معجم البلدان</subfield>
</datafield>
<datafield tag="880" ind1="1" ind2="0">
<subfield code="6">245-03/</subfield>
<subfield code="a">كتاب معجم البلدان /</subfield>
<subfield code="c">تأليف شهاب الدين أبي عبد الله ياقوت إبن عبد الله الحموي الرومي البغدادي.</subfield>
</datafield>
<datafield tag="880" ind1=" " ind2=" ">
<subfield code="6">260-04/</subfield>
<subfield code="a">طهران :</subfield>
<subfield code="b">مكتبة الأسدي،</subfield>
<subfield code="c">1965.</subfield>
</datafield>
<datafield tag="880" ind1="1" ind2=" ">
<subfield code="6">490-05/</subfield>
<subfield code="a">منشورات مكتبة الأسدي ؛</subfield>
<subfield code="v">رقم 7</subfield>
</datafield>
<datafield tag="880" ind1="0" ind2=" ">
<subfield code="6">505-06/</subfield>
<subfield code="a">مجلد 1. الثاء مجلد 2. جيم زاء مجلد 3. سين فاء مجلد 4. قاف ياء مجلد 5. التعليقات وروايات النسخ مجلد 6. الفهرس.</subfield>
</datafield>
<datafield tag="830" ind1=" " ind2="0">
<subfield code="6">880-07</subfield>
<subfield code="a">Manshūrāt maktabat al-Asadī ;</subfield>
<subfield code="v">raqm 7</subfield>
</datafield>
<datafield tag="880" ind1=" " ind2="0">
<subfield code="6">830-07/</subfield>
<subfield code="a">منشورات مكتبة الاسدي ;</subfield>
<subfield code="v">رقم 7</subfield>
</datafield>
<datafield tag="OWN" ind1=" " ind2=" ">
<subfield code="a">GENERAL</subfield>
</datafield>
<datafield tag="AVA" ind1=" " ind2=" ">
<subfield code="a">NYU50</subfield>
<subfield code="b">BOBST</subfield>
<subfield code="c">Main Collection</subfield>
<subfield code="d">G93 .Y192</subfield>
<subfield code="e">unavailable</subfield>
<subfield code="t">Unavailable</subfield>
<subfield code="f">6</subfield>
<subfield code="g">6</subfield>
<subfield code="h">Y</subfield>
<subfield code="i">0</subfield>
<subfield code="j">MAIN</subfield>
<subfield code="k">0</subfield>
</datafield>
</record>
